@article{sharma2013neural,
	title={A neural network based approach for predicting customer churn in cellular network services},
	author={Sharma, Anuj and Panigrahi, Dr and Kumar, Prabin},
	journal={arXiv preprint arXiv:1309.3945},
	year={2013}
}

@article{breiman2001random,
	title={Random forests},
	author={Breiman, Leo},
	journal={Machine learning},
	volume={45},
	number={1},
	pages={5--32},
	year={2001},
	publisher={Springer}
}

@article{gers2000learning,
	title={Learning to forget: Continual prediction with LSTM},
	author={Gers, Felix A and Schmidhuber, J{\"u}rgen and Cummins, Fred},
	journal={Neural computation},
	volume={12},
	number={10},
	pages={2451--2471},
	year={2000},
	publisher={MIT Press}
}

@article{graves2013speech,
	title={Speech recognition with deep recurrent neural networks},
	author={Graves, Alan and Mohamed, Abdel-rahman and Hinton, Geoffrey},
	booktitle={Acoustics, Speech and Signal Processing (ICASSP), 2013 IEEE International Conference on},
	pages={6645--6649},
	year={2013},
	organization={IEEE}
}

@article{kiros2014unifying,
	title={Unifying visual-semantic embeddings with multimodal neural language models},
	author={Kiros, Ryan and Salakhutdinov, Ruslan and Zemel, Richard S},
	journal={arXiv preprint arXiv:1411.2539},
	year={2014}
}
 

@article{burez2007crm,
	title={CRM at a pay-TV company: Using analytical models to reduce customer attrition by targeted marketing for subscription services},
	author={Burez, Jonathan and Van den Poel, Dirk},
	journal={Expert Systems with Applications},
	volume={32},
	number={2},
	pages={277--288},
	year={2007},
	publisher={Elsevier}
}

@article{van1999value,
	title={Value added web: Integrating WWW with a TINA service management platform},
	author={Van Halteren, Aart T and Nieuwenhuis, Lambert JM and Schenk, Mike R and Wegdam, Maarten},
	booktitle={Telecommunications Information Networking Architecture Conference Proceedings, 1999. TINA'99},
	pages={14--23},
	year={1999},
	organization={IEEE}
}

@article{khan2010applying,
	title={Applying data mining to customer churn prediction in an internet service provider},
	author={Khan, Afaq Alam and Jamwal, Sanjay and Sepehri, MM},
	journal={International Journal of Computer Applications},
	volume={9},
	number={7},
	pages={8--14},
	year={2010},
	publisher={International Journal of Computer Applications, 244 5 th Avenue,\# 1526, New York, NY 10001, USA India}
}

@article{neslin2004defection,
	title={Defection detection: improving predictive accuracy of customer churn models},
	author={Neslin, Scott and Gupta, Sunil and Kamakura, Wagner and Lu, Junxiang and Mason, Charlotte},
	journal={Tuck School of Business, Dartmouth College},
	year={2004},
	publisher={Citeseer}
}

@article{wangperawong2016churn,
	title={Churn analysis using deep convolutional neural networks and autoencoders},
	author={Wangperawong, Artit and Brun, Cyrille and Laudy, Olav and Pavasuthipaisit, Rujikorn},
	journal={arXiv preprint arXiv:1604.05377},
	year={2016}
}

@book{kvasnivcka1997uvod,
	title={{\'U}vod do te{\'o}rie neur{\'o}nov{\`y}ch siet{\'\i}},
	author={Kvasni{\v{c}}ka, Vladim{\'\i}r and Be{\v{n}}u{\v{s}}kov{\'a}, L'ubica and Posp{\'\i}chal, Ji{\v{r}}{\'\i} and Farka{\v{s}}, Igor and Ti{\v{n}}o, Peter and Kr{\'a}l', Andrej},
	year={1997},
	organization={Iris}
}

@book{filippova2015sentence,
	title={Sentence compression by deletion with lstms},
	author={Filippova, Katja and Alfonseca, Enrique and Colmenares, Carlos A and Kaiser, Lukasz and Vinyals, Oriol},
	booktitle={Proceedings of the 2015 Conference on Empirical Methods in Natural Language Processing},
	pages={360--368},
	year={2015}
}

@article{gers2003learning,
	title={Learning precise timing with LSTM recurrent networks},
	author={Gers, Felix A and Schraudolph, Nicol N and Schmidhuber, J{\"u}rgen},
	journal={The Journal of Machine Learning Research},
	volume={3},
	pages={115--143},
	year={2003},
	publisher={JMLR. org}
}

@article{greff2015lstm,
	title={LSTM: A search space odyssey},
	author={Greff, Klaus and Srivastava, Rupesh Kumar and Koutn{\'\i}k, Jan and Steunebrink, Bas R and Schmidhuber, J{\"u}rgen},
	journal={arXiv preprint arXiv:1503.04069},
	year={2015}
}

@article{hochreiter1997long,
	title={Long short-term memory},
	author={Hochreiter, Sepp and Schmidhuber, J{\"u}rgen},
	journal={Neural computation},
	volume={9},
	number={8},
	pages={1735--1780},
	year={1997},
	publisher={MIT Press}
}

@book{jaeger2002tutorial,
	title={Tutorial on training recurrent neural networks, covering BPPT, RTRL, EKF and the" echo state network" approach},
	author={Jaeger, Herbert},
	year={2002},
	publisher={GMD-Forschungszentrum Informationstechnik}
}

@article{mcculloch1943logical,
	title={A logical calculus of the ideas immanent in nervous activity},
	author={McCulloch, Warren S and Pitts, Walter},
	journal={The bulletin of mathematical biophysics},
	volume={5},
	number={4},
	pages={115--133},
	year={1943},
	publisher={Springer}
}

@article{renshaw2015long,
	title={Long short-term memory language models with additive morphological features for automatic speech recognition},
	author={Renshaw, Daniel and Hall, Keith B},
	booktitle={Acoustics, Speech and Signal Processing (ICASSP), 2015 IEEE International Conference on},
	pages={5246--5250},
	year={2015},
	organization={IEEE}
}

@unpublished{Goodfellow-et-al-2016-Book,
	title={Deep Learning},
	author={Ian Goodfellow, Yoshua Bengio, and Aaron Courville},
	note={Book in preparation for MIT Press},
	url={http://www.deeplearningbook.org},
	year={2016}
}

@article{szegedy2015going,
	title={Going deeper with convolutions},
	author={Szegedy, Christian and Liu, Wei and Jia, Yangqing and Sermanet, Pierre and Reed, Scott and Anguelov, Dragomir and Erhan, Dumitru and Vanhoucke, Vincent and Rabinovich, Andrew},
	booktitle={Proceedings of the IEEE Conference on Computer Vision and Pattern Recognition},
	pages={1--9},
	year={2015}
}

@article{hanley1982meaning,
	title={The meaning and use of the area under a receiver operating characteristic (ROC) curve.},
	author={Hanley, James A and McNeil, Barbara J},
	journal={Radiology},
	volume={143},
	number={1},
	pages={29--36},
	year={1982}
}

@article{bradley1997use,
	title={The use of the area under the ROC curve in the evaluation of machine learning algorithms},
	author={Bradley, Andrew P},
	journal={Pattern recognition},
	volume={30},
	number={7},
	pages={1145--1159},
	year={1997},
	publisher={Elsevier}
}

@inproceedings{zhou2010research,
  title={Research on improving methods of preprocessing in web log mining},
  author={Zhou, Huaqiang and Gao, Hongxia and Xiao, Han},
  booktitle={The 2nd International Conference on Information Science and Engineering},
  pages={1472--1474},
  year={2010},
  organization={IEEE}
}

@book{ricci2011introduction,
  title={Introduction to recommender systems handbook},
  author={Ricci, Francesco and Rokach, Lior and Shapira, Bracha},
  year={2011},
  publisher={Springer}
}

@article{adomavicius2005toward,
  title={Toward the next generation of recommender systems: A survey of the state-of-the-art and possible extensions},
  author={Adomavicius, Gediminas and Tuzhilin, Alexander},
  journal={IEEE transactions on knowledge and data engineering},
  volume={17},
  number={6},
  pages={734--749},
  year={2005},
  publisher={IEEE}
}

@article{burke2002hybrid,
  title={Hybrid recommender systems: Survey and experiments},
  author={Burke, Robin},
  journal={User modeling and user-adapted interaction},
  volume={12},
  number={4},
  pages={331--370},
  year={2002},
  publisher={Springer}
}

@inproceedings{ben2015recsys,
  title={Recsys challenge 2015 and the yoochoose dataset},
  author={Ben-Shimon, David and Tsikinovsky, Alexander and Friedmann, Michael and Shapira, Bracha and Rokach, Lior and Hoerle, Johannes},
  booktitle={Proceedings of the 9th ACM Conference on Recommender Systems},
  pages={357--358},
  year={2015},
  organization={ACM}
}

@inproceedings{wu2015neural,
  title={Neural Modeling of Buying Behaviour for E-Commerce from Clicking Patterns},
  author={Wu, Zhenzhou and Tan, Bao Hong and Duan, Rubing and Liu, Yong and Mong Goh, Rick Siow},
  booktitle={Proceedings of the 2015 International ACM Recommender Systems Challenge},
  pages={12},
  year={2015},
  organization={ACM}
}

@inproceedings{zhang2004solving,
  title={Solving large scale linear prediction problems using stochastic gradient descent algorithms},
  author={Zhang, Tong},
  booktitle={Proceedings of the twenty-first international conference on Machine learning},
  pages={116},
  year={2004},
  organization={ACM}
}

@article{kingma2014adam,
  title={Adam: A method for stochastic optimization},
  author={Kingma, Diederik and Ba, Jimmy},
  journal={arXiv preprint arXiv:1412.6980},
  year={2014}
}

@article{attoh1999analysis,
  title={Analysis of learning rate and momentum term in backpropagation neural network algorithm trained to predict pavement performance},
  author={Attoh-Okine, Nii O},
  journal={Advances in Engineering Software},
  volume={30},
  number={4},
  pages={291--302},
  year={1999},
  publisher={Elsevier}
}

@article{sibi2013analysis,
  title={Analysis of different activation functions using back propagation neural networks},
  author={Sibi, P and Jones, S Allwyn and Siddarth, P},
  journal={Journal of Theoretical and Applied Information Technology},
  volume={47},
  number={3},
  pages={1264--1268},
  year={2013}
}

@inproceedings{toth2013phone,
  title={Phone recognition with deep sparse rectifier neural networks},
  author={T{\'o}th, L{\'a}szl{\'o}},
  booktitle={2013 IEEE International Conference on Acoustics, Speech and Signal Processing},
  pages={6985--6989},
  year={2013},
  organization={IEEE}
}

@article{li2011cross,
  title={Cross-selling the right product to the right customer at the right time},
  author={Li, Shibo and Sun, Baohong and Montgomery, Alan L},
  journal={Journal of Marketing Research},
  volume={48},
  number={4},
  pages={683--700},
  year={2011},
  publisher={American Marketing Association}
}


@inproceedings{nengsih2015comparative,
  title={A comparative study on market basket analysis and apriori association technique},
  author={Nengsih, Warnia},
  booktitle={Information and Communication Technology (ICoICT), 2015 3rd International Conference on},
  pages={461--464},
  year={2015},
  organization={IEEE}
}
